% % % % % % % % % % % % % % % % % % % %
%%% MLG: FRB-related papers starts

@ARTICLE{2018Natur.562..386S,
       author = {{Shannon}, R.~M. and {Macquart}, J. -P. and {Bannister}, K.~W. and
         {Ekers}, R.~D. and {James}, C.~W. and {Os{\l}owski}, S. and {Qiu}, H. and
         {Sammons}, M. and {Hotan}, A.~W. and {Voronkov}, M.~A. and
         {Beresford}, R.~J. and {Brothers}, M. and {Brown}, A.~J. and
         {Bunton}, J.~D. and {Chippendale}, A.~P. and {Haskins}, C. and
         {Leach}, M. and {Marquarding}, M. and {McConnell}, D. and
         {Pilawa}, M.~A. and {Sadler}, E.~M. and {Troup}, E.~R. and
         {Tuthill}, J. and {Whiting}, M.~T. and {Allison}, J.~R. and
         {Anderson}, C.~S. and {Bell}, M.~E. and {Collier}, J.~D. and
         {G{\"u}rkan}, G. and {Heald}, G. and {Riseley}, C.~J.},
        title = "{The dispersion-brightness relation for fast radio bursts from a wide-field survey}",
      journal = {\nat},
         year = "2018",
        month = "Oct",
       volume = {562},
       number = {7727},
        pages = {386-390},
          doi = {10.1038/s41586-018-0588-y},
       adsurl = {https://ui.adsabs.harvard.edu/abs/2018Natur.562..386S},
      adsnote = {Provided by the SAO/NASA Astrophysics Data System}
}

@ARTICLE{2019ApJ...878...89Y,
       author = {{Yang}, Yuan-Pei and {Zhang}, Bing and {Wei}, Jian-Yan},
        title = "{How Bright Are Fast Optical Bursts Associated With Fast Radio Bursts?}",
      journal = {\apj},
     keywords = {radiation mechanisms: non-thermal, Astrophysics - High Energy Astrophysical Phenomena},
         year = "2019",
        month = "Jun",
       volume = {878},
       number = {2},
          eid = {89},
        pages = {89},
          doi = {10.3847/1538-4357/ab1fe2},
archivePrefix = {arXiv},
       eprint = {1905.02429},
 primaryClass = {astro-ph.HE},
       adsurl = {https://ui.adsabs.harvard.edu/abs/2019ApJ...878...89Y},
      adsnote = {Provided by the SAO/NASA Astrophysics Data System}
}

@ARTICLE{2019ApJ...881...30T,
       author = {{Tingay}, Steven J. and {Yang}, Yuan-Pei},
        title = "{A Search of TESS Full-frame Images for a Simultaneous Optical Counterpart to FRB 181228}",
      journal = {\apj},
     keywords = {radiation mechanisms: general, radio continuum: general, techniques: photometric, Astrophysics - Instrumentation and Methods for Astrophysics, Astrophysics - High Energy Astrophysical Phenomena},
         year = "2019",
        month = "Aug",
       volume = {881},
       number = {1},
          eid = {30},
        pages = {30},
          doi = {10.3847/1538-4357/ab2c6e},
archivePrefix = {arXiv},
       eprint = {1906.09673},
 primaryClass = {astro-ph.IM},
       adsurl = {https://ui.adsabs.harvard.edu/abs/2019ApJ...881...30T},
      adsnote = {Provided by the SAO/NASA Astrophysics Data System}
}

@ARTICLE{2016Natur.530..453K,
       author = {{Keane}, E.~F. and {Johnston}, S. and {Bhandari}, S. and {Barr}, E. and
         {Bhat}, N.~D.~R. and {Burgay}, M. and {Caleb}, M. and {Flynn}, C. and
         {Jameson}, A. and {Kramer}, M. and {Petroff}, E. and {Possenti}, A. and
         {van Straten}, W. and {Bailes}, M. and {Burke-Spolaor}, S. and
         {Eatough}, R.~P. and {Stappers}, B.~W. and {Totani}, T. and
         {Honma}, M. and {Furusawa}, H. and {Hattori}, T. and {Morokuma}, T. and
         {Niino}, Y. and {Sugai}, H. and {Terai}, T. and {Tominaga}, N. and
         {Yamasaki}, S. and {Yasuda}, N. and {Allen}, R. and {Cooke}, J. and
         {Jencson}, J. and {Kasliwal}, M.~M. and {Kaplan}, D.~L. and
         {Tingay}, S.~J. and {Williams}, A. and {Wayth}, R. and {Chandra}, P. and
         {Perrodin}, D. and {Berezina}, M. and {Mickaliger}, M. and {Bassa}, C.},
        title = "{The host galaxy of a fast radio burst}",
      journal = {\nat},
     keywords = {Astrophysics - High Energy Astrophysical Phenomena, Astrophysics - Cosmology and Nongalactic Astrophysics},
         year = "2016",
        month = "Feb",
       volume = {530},
       number = {7591},
        pages = {453-456},
          doi = {10.1038/nature17140},
archivePrefix = {arXiv},
       eprint = {1602.07477},
 primaryClass = {astro-ph.HE},
       adsurl = {https://ui.adsabs.harvard.edu/abs/2016Natur.530..453K},
      adsnote = {Provided by the SAO/NASA Astrophysics Data System}
}

@ARTICLE{2019arXiv191002036L,
       author = {{Law}, C.~J. and {Omand}, C.~M.~B. and {Kashiyama}, K. and {Murase}, K. and
         {Bower}, G.~C. and {Aggarwal}, K. and {Burke-Spolaor}, S. and
         {Butler}, B.~J. and {Demorest}, P. and {Lazio}, T.~J.~W. and
         {Linford}, J. and {Tendulkar}, S.~P. and {Rupen}, M.~P.},
        title = "{A Search for Late-Time Radio Emission and Fast Radio Bursts from Superluminous Supernovae}",
      journal = {arXiv e-prints},
     keywords = {Astrophysics - High Energy Astrophysical Phenomena},
         year = "2019",
        month = "Oct",
          eid = {arXiv:1910.02036},
        pages = {arXiv:1910.02036},
archivePrefix = {arXiv},
       eprint = {1910.02036},
 primaryClass = {astro-ph.HE},
       adsurl = {https://ui.adsabs.harvard.edu/abs/2019arXiv191002036L},
      adsnote = {Provided by the SAO/NASA Astrophysics Data System}
}

%%% MLG: FRB-related papers ends
% % % % % % % % % % % % % % % % % % % %


% MLG texmf bib DocuShare --> misc, for now

@misc{LSE-29,
  author =       {Charles F. Claver and {The LSST Systems Engineering
                  Integrated Project Team}},
  title =        "{LSST System Requirements (LSR)}",
  year =         2017,
  month =        sep,
  handle =       {LSE-29},
  publisher =     {LSST},
}

@misc{LDM-542,
  author =       {Gregory Dubois-Felsmann and Kian-Tat Lim and Xiuqin Wu and Frossie Economou and Fritz Mueller and Brian Van Klaveren and Kenny Lo},
  title =        "{LSST Science Platform Design}",
  year =         2017,
  month =        jun,
  handle =       {LDM-542},
  publisher =     {LSST},
}

@misc{LDM-554,
  author =       {Gregory Dubois-Felsmann and David Ciardi and Fritz Mueller
                  and Frossie Economou},
  title =        "{Science Platform Requirements}",
  year =         2018,
  month =        jun,
  handle =       {LDM-554},
  publisher =     {LSST},
}

@misc{LSE-319,
  author =       {M. Juri\'c, D. Ciardi, G.P. Dubois-Felsmann, L.P. Guy},
  title =        "{LSST Science Platform Vision Document}",
  year =         2019,
  month =        jul,
  handle =       {LSE-319},
  publisher =     {LSST},
}

@misc{LDM-151,
  author =       {John D. Swinbank and Tim Axelrod and Andrew C. Becker and Jacek Becla and others},
  title =        "{Data Management Science Pipelines Design}",
  year =         2017,
  month =        may,
  handle =       {LDM-151},
  publisher =     {LSST},
}


@misc{LSE-61,
  author =       {Gregory Dubois-Felsmann and Tim Jenness},
  title =        "{LSST Data Management Subsystem Requirements}",
  year =         2018,
  month =        jul,
  handle =       {LSE-61},
  publisher =     {LSST},
}

@misc{LSE-163,
  author =       {Mario Juri\'c and others},
  title =        "{LSST Data Products Definition Document}",
  year =         2017,
  month =        apr,
  handle =       {LSE-163},
  publisher=     {LSST},
}

@MISC{2011ivoa.spec.0711S,
   author = {{Seaman}, R. and {Williams}, R. and {Allan}, A. and {Barthelmy}, S. and 
	{Bloom}, J. and {Brewer}, J. and {Denny}, R. and {Fitzpatrick}, M. and 
	{Graham}, M. and {Gray}, N. and {Hessman}, F. and {Marka}, S. and 
	{Rots}, A. and {Vestrand}, T. and {Wozniak}, P.},
    title = "{Sky Event Reporting Metadata Version 2.0}",
howpublished = {IVOA Recommendation 11 July 2011},
     year = 2011,
    month = jul,
archivePrefix = "arXiv",
   eprint = {1110.0523},
 primaryClass = "astro-ph.IM",
   editor = {{Seaman}, R. and {Williams}, R.},
      doi = {10.5479/ADS/bib/2011ivoa.spec.0711S},
   adsurl = {https://ui.adsabs.harvard.edu/abs/2011ivoa.spec.0711S},
  adsnote = {Provided by the SAO/NASA Astrophysics Data System}
}

@ARTICLE{2017arXiv170901264A,
       author = {{Allan}, Alasdair and {Denny}, Robert B. and {Swinbank}, John D.},
        title = "{IVOA Recommendation: VOEvent Transport Protocol Version 2.0}",
      journal = {arXiv e-prints},
     keywords = {Astrophysics - Instrumentation and Methods for Astrophysics},
         year = "2017",
        month = "Sep",
          eid = {arXiv:1709.01264},
        pages = {arXiv:1709.01264},
archivePrefix = {arXiv},
       eprint = {1709.01264},
 primaryClass = {astro-ph.IM},
       adsurl = {https://ui.adsabs.harvard.edu/abs/2017arXiv170901264A},
      adsnote = {Provided by the SAO/NASA Astrophysics Data System}
}

@Article{Meech2017, 
    author={Meech, Karen J. and Weryk, Robert and Micheli, Marco and Kleyna, Jan T. and Hainaut, Olivier R.
    and Jedicke, Robert and Wainscoat, Richard J. and Chambers, Kenneth C. and Keane, Jacqueline V.
    and Petric, Andreea and Denneau, Larry and Magnier, Eugene and Berger, Travis and Huber, Mark E.
    and Flewelling, Heather and Waters, Chris and Schunova-Lilly, Eva and Chastel, Serge},
    title={A brief visit from a red and extremely elongated interstellar asteroid},
    journal={Nature},
    year={2017},
    month={Nov},
    day={20},
    publisher={Macmillan Publishers Limited, part of Springer Nature. All rights reserved. SN  -},
    volume={552},
    pages={378 EP  -},
    url={https://doi.org/10.1038/nature25020}
}

@ARTICLE{2019ApJ...873..111I,
   author = {{Ivezi{\'c}}, {\v Z}. and {Kahn}, S.~M. and {Tyson}, J.~A. and 
	{Abel}, B. and {Acosta}, E. and {Allsman}, R. and {Alonso}, D. and 
	{AlSayyad}, Y. and {Anderson}, S.~F. and {Andrew}, J. and et al.},
    title = "{LSST: From Science Drivers to Reference Design and Anticipated Data Products}",
    journal = {\apj},
    archivePrefix = "arXiv",
    eprint = {0805.2366},
    keywords = {astrometry, cosmology: observations, Galaxy: general, methods: observational, stars: general, surveys},
    year = 2019,
    month = mar,
    volume = 873,
    eid = {111},
    pages = {111},
    doi = {10.3847/1538-4357/ab042c},
    adsurl = {https://ui.adsabs.harvard.edu/abs/2019ApJ...873..111I},
    adsnote = {Provided by the SAO/NASA Astrophysics Data System}
}

@ARTICLE{Narayan_2018,
	doi = {10.3847/1538-4365/aab781},
	url = {https://doi.org/10.3847%2F1538-4365%2Faab781},
	year = 2018,
	month = {may},
	publisher = {American Astronomical Society},
	volume = {236},
	number = {1},
	pages = {9},
	author = {Gautham Narayan and Tayeb Zaidi and Monika D. Soraisam and Zhe Wang and Michelle Lochner and Thomas Matheson and Abhijit Saha and Shuo Yang and Zhenge Zhao and John Kececioglu and Carlos Scheidegger and Richard T. Snodgrass and Tim Axelrod and Tim Jenness and Robert S. Maier and Stephen T. Ridgway and Robert L. Seaman and Eric Michael Evans and Navdeep Singh and Clark Taylor and Jackson Toeniskoetter and Eric Welch and Songzhe Zhu and},
	title = {Machine-learning-based Brokers for Real-time Classification of the {LSST} Alert Stream},
	journal = {The Astrophysical Journal Supplement Series},
}

@INPROCEEDINGS{2014era..conf30303B,
    author = {{Becla}, J. and {Wang}, D.~L.},
    title = "{Enabling Scalable Data Analytics for LSST and Beyond}",
    booktitle = {Exascale Radio Astronomy},
    year = 2014,
    volume = 2,
    month = apr,
    adsurl = {http://adsabs.harvard.edu/abs/2014era..conf30303B},
    adsnote = {Provided by the SAO/NASA Astrophysics Data System}
}


@misc{LDM-612,
  author = {Eric Bellm and Robert Blum and Melissa Graham and Leanne Guy and {\v Z}eljko {Ivezi{\'c}} and William O’Mullane and Maria Patterson and John Swinbank and Beth Willman},
  title = "{Plans and Policies for LSST Alert Distribution}",
  year =    2019,
  month =   jan,
  publisher = "{Large Synoptic Survey Telescope Project}",
  url =       {http://ls.st/LDM-612},
}

@misc{DMTN-028,
  author = {Maria T. Patterson},
  title = "{Benchmarking a distribution system for LSST alerts}",
    year = 2018,
  handle = {DMTN-028},
    note = {LSST Data Management Technical Note},
  publisher = "{Large Synoptic Survey Telescope Project}",
     url = {https://dmtn-028.lsst.io},
}

@inproceedings{2011Wang:2011:QDS:2063348.2063364,
  Acmid =        2063364,
  Address =      {New York, NY, USA},
  Articleno =    12,
  Author =       {Wang, Daniel L. and Monkewitz, Serge M. and Lim,
                  Kian-Tat and Becla, Jacek},
  Booktitle =    {State of the Practice Reports},
  Doi =          {http://doi.acm.org/10.1145/2063348.2063364},
  Isbn =         {978-1-4503-1139-7},
  Keywords =     {MPP, database, distributed, file system, parallel,
                  shared-nothing},
  Location =     {Seattle, Washington},
  Numpages =     11,
  Pages =        {12:1--12:11},
  Publisher =    {ACM},
  Series =       {SC '11},
  Title =        {Qserv: a distributed shared-nothing database for the
                  LSST catalog},
  Url =          {http://doi.acm.org/10.1145/2063348.2063364},
  Year =         2011,
  Bdsk-Url-1 =   {http://doi.acm.org/10.1145/2063348.2063364}
}

@ARTICLE{2019arXiv190305130O,
   author = {{Olsen}, Knut A.~G. and {Graham}, Melissa and {Norman}, Dara and
     {Juneau}, Stephanie and {Bolton}, Adam},
    title = "{Astro2020 Science White Paper: Science Platforms for Resolved Stellar Populations in the Next Decade}",
  journal = {arXiv e-prints},
 keywords = {Astrophysics - Instrumentation and Methods for Astrophysics, Astrophysics - Astrophysics of Galaxies},
     year = "2019",
    month = "Mar",
      eid = {arXiv:1903.05130},
    pages = {arXiv:1903.05130},
archivePrefix = {arXiv},
   eprint = {1903.05130},
primaryClass = {astro-ph.IM},
   adsurl = {https://ui.adsabs.harvard.edu/abs/2019arXiv190305130O},
  adsnote = {Provided by the SAO/NASA Astrophysics Data System}
}

@ARTICLE{2019arXiv190800664O,
   author = {{Olsen}, Knut and {Bolton}, Adam and {Juneau}, Stephanie and
     {Nikutta}, Robert and {Norman}, Dara and {Nidever}, David and
     {Ridgway}, Stephen and {Scott}, Adam and {Weaver}, Benjamin},
    title = "{The Data Lab: A Science Platform for the analysis of ground-based astronomical survey data}",
  journal = {arXiv e-prints},
 keywords = {Astrophysics - Instrumentation and Methods for Astrophysics},
     year = "2019",
    month = "Aug",
      eid = {arXiv:1908.00664},
    pages = {arXiv:1908.00664},
archivePrefix = {arXiv},
   eprint = {1908.00664},
primaryClass = {astro-ph.IM},
   adsurl = {https://ui.adsabs.harvard.edu/abs/2019arXiv190800664O},
  adsnote = {Provided by the SAO/NASA Astrophysics Data System}
}

@article{skyportal2019,
  author = {St\'efan J. van der Walt and Arien Crellin-Quick and Joshua S. Bloom},
  title = {{SkyPortal}: An Astronomical Data Platform},
  journal = {Journal of Open Source Software},
  volume = {4},
  number = {37},
  page = {1247},
  year = "2019",
  month = {may},
  doi = {10.21105/joss.01247},
  url = {http://joss.theoj.org/papers/10.21105/joss.01247}
}

% Astro2020 APC White Paper: Astronomy should be in the clouds
@article{Smith:2019gqn,
    author         = "Smith, Arfon M. and others",
    title          = "{Astro2020 APC White Paper: Astronomy should be in the
                    clouds}",
    year           = "2019",
    eprint         = "1907.06320",
    archivePrefix  = "arXiv",
    primaryClass   = "astro-ph.IM",
    journal = {arXiv e-prints},
    SLACcitation   = "%%CITATION = ARXIV:1907.06320;%%"
}

@ARTICLE{Patterson:19:ZTFAlerts,
       author = {{Patterson}, Maria T. and {Bellm}, Eric C. and {Rusholme}, Ben and
         {Masci}, Frank J. and {Juric}, Mario and {Krughoff}, K. Simon and
         {Golkhou}, V. Zach and {Graham}, Matthew J. and
         {Kulkarni}, Shrinivas R. and {Helou}, George and
         {Zwicky Transient Facility Collaboration}},
        title = "{The Zwicky Transient Facility Alert Distribution System}",
      journal = {Publications of the Astronomical Society of the Pacific},
     keywords = {Astrophysics - Instrumentation and Methods for Astrophysics},
         year = "2019",
        month = "Jan",
       volume = {131},
       number = {995},
        pages = {018001},
          doi = {10.1088/1538-3873/aae904},
archivePrefix = {arXiv},
       eprint = {1902.02227},
 primaryClass = {astro-ph.IM},
       adsurl = {https://ui.adsabs.harvard.edu/abs/2019PASP..131a8001P},
      adsnote = {Provided by the SAO/NASA Astrophysics Data System}
}

